@misc{Tuckerman.Book,
  title={Statistical mechanics: theory and molecular simulation},
  author={Tuckerman, Mark},
  year={2010},
  publisher={Oxford University Press}
}

@book{Liu.Book,
  title={Monte Carlo Strategies in Scientific Computing},
  author={Liu, J.S.},
  isbn={9780387763699},
  series={Springer Series in Statistics},
  url={https://books.google.com/books?id=R8E-yHaKCGUC},
  year={2008},
  publisher={Springer}
}

@book{Newman.Book,
  title={Monte Carlo Methods in Statistical Physics},
  author={Newman, M.E.J. and Barkema, G.T.},
  isbn={9780198517979},
  lccn={99213405},
  url={https://books.google.com/books?id=J5aLdDN4uFwC},
  year={1999},
  publisher={Clarendon Press}
}

@book{Hill.Book,
  title={An Introduction to Statistical Thermodynamics},
  author={Hill, T.L.},
  isbn={9780486130903},
  lccn={86013468},
  series={Dover Books on Physics},
  url={https://books.google.com/books?id=gkldAwAAQBAJ},
  year={2012},
  publisher={Dover Publications}
}

@book{McQuarrie.Book,
  title={Statistical Mechanics},
  author={McQuarrie, D.A.},
  isbn={9781891389153},
  lccn={00021962},
  url={https://books.google.com/books?id=itcpPnDnJM0C},
  year={2000},
  publisher={University Science Books}
}

@article{Metropolis.JCP.21.1087.1953,
  added-at = {2010-08-02T15:41:00.000+0200},
  author = {Metropolis, Nicholas and Rosenbluth, Arianna W. and Rosenbluth, Marshall N. and Teller, Augusta H. and Teller, Edward},
  biburl = {https://www.bibsonomy.org/bibtex/25bdc169acdc743b5f9946748d3ce587b/lopusz},
  doi = {10.1063/1.1699114},
  interhash = {b67019ed11f34441c67cc69ee5683945},
  intrahash = {5bdc169acdc743b5f9946748d3ce587b},
  journal = {The Journal of Chemical Physics},
  keywords = {MonteCarlo},
  number = 6,
  pages = {1087-1092},
  publisher = {AIP},
  timestamp = {2010-08-02T15:41:00.000+0200},
  title = {Equation of State Calculations by Fast Computing Machines},
  url = {http://link.aip.org/link/?JCP/21/1087/1},
  volume = 21,
  year = 1953
}

